<record><leader>00000cas a2200000 a 4500</leader><controlfield tag="001">17941203</controlfield><controlfield tag="008">880512d1859186uohuwr ne      0    0eng c</controlfield><datafield ind1=" " ind2=" " tag="010"><subfield code="a">sn 88077467 </subfield></datafield><datafield ind1=" " ind2=" " tag="040"><subfield code="a">ONP</subfield><subfield code="b">eng</subfield><subfield code="c">ONP</subfield><subfield code="d">NVF</subfield><subfield code="d">OCLCQ</subfield><subfield code="d">OCLCF</subfield><subfield code="d">OCLCO</subfield></datafield><datafield ind1="1" ind2=" " tag="029"><subfield code="a">AU@</subfield><subfield code="b">000020510130</subfield></datafield><datafield ind1=" " ind2=" " tag="042"><subfield code="a">pcc</subfield></datafield><datafield ind1=" " ind2=" " tag="043"><subfield code="a">n-us-oh</subfield></datafield><datafield ind1="0" ind2=" " tag="130"><subfield code="a">Weekly western star (Lebanon, Warren County, Ohio : 1859)</subfield></datafield><datafield ind1="1" ind2="4" tag="245"><subfield code="a">The Weekly western star.</subfield></datafield><datafield ind1=" " ind2=" " tag="260"><subfield code="a">Lebanon [Ohio] :</subfield><subfield code="b">James Scott,</subfield><subfield code="c">1859-</subfield></datafield><datafield ind1=" " ind2=" " tag="310"><subfield code="a">Weekly</subfield></datafield><datafield ind1="0" ind2=" " tag="362"><subfield code="a">Vol. 54, no. 20 (Nov. 3, 1859)-</subfield></datafield><datafield ind1=" " ind2="0" tag="651"><subfield code="a">Lebanon (Warren County, Ohio)</subfield><subfield code="v">Newspapers.</subfield></datafield><datafield ind1=" " ind2="7" tag="651"><subfield code="a">Ohio</subfield><subfield code="z">Lebanon (Warren County : Civil jurisdiction)</subfield><subfield code="2">fast</subfield><subfield code="0">(OCoLC)fst01754244</subfield></datafield><datafield ind1=" " ind2="7" tag="655"><subfield code="a">Newspapers.</subfield><subfield code="2">fast</subfield><subfield code="0">(OCoLC)fst01423814</subfield></datafield><datafield ind1=" " ind2=" " tag="752"><subfield code="a">United States</subfield><subfield code="b">Ohio</subfield><subfield code="c">Warren</subfield><subfield code="d">Lebanon.</subfield></datafield><datafield ind1="0" ind2="0" tag="780"><subfield code="t">Western star (Lebanon, Warren County, Ohio : 1828)</subfield><subfield code="w">(DLC)sn 85038197</subfield><subfield code="w">(OCoLC)11912515</subfield></datafield><datafield ind1="0" ind2="0" tag="785"><subfield code="t">Western star (Lebanon, Warren County, Ohio : 1866)</subfield><subfield code="w">(DLC)sn 88077468</subfield><subfield code="w">(OCoLC)17941209</subfield></datafield></record>